@book{Adams1995,
  author    = {Adams, D.},
  title     = {{The Hitchhiker's Guide to the Galaxy}},
  isbn      = {9781417642595},
  url       = {http://books.google.com/books?id=W-xMPgAACAAJ},
  publisher = {San Val},
  year      = {1995}
}